<record><leader>00000cas a22000007a 4500</leader><controlfield tag="001">30655565</controlfield><controlfield tag="008">940623d18691869orudr ne      0    0eng d</controlfield><datafield ind1=" " ind2=" " tag="010"><subfield code="a">sn 94052327 </subfield></datafield><datafield ind1=" " ind2=" " tag="040"><subfield code="a">CUY</subfield><subfield code="b">eng</subfield><subfield code="c">CNK</subfield><subfield code="d">OCLCQ</subfield><subfield code="d">ORU</subfield><subfield code="d">OCLCQ</subfield><subfield code="d">OCLCF</subfield><subfield code="d">OCLCO</subfield></datafield><datafield ind1="1" ind2=" " tag="029"><subfield code="a">AU@</subfield><subfield code="b">000025866453</subfield></datafield><datafield ind1=" " ind2=" " tag="042"><subfield code="a">msc</subfield></datafield><datafield ind1=" " ind2=" " tag="043"><subfield code="a">n-us-or</subfield></datafield><datafield ind1="0" ind2="4" tag="245"><subfield code="a">The Weekly Oregon unionist.</subfield></datafield><datafield ind1="1" ind2="3" tag="246"><subfield code="a">Weekly American unionist</subfield></datafield><datafield ind1=" " ind2=" " tag="260"><subfield code="a">Salem, Or. :</subfield><subfield code="b">S.A. Clarke,</subfield><subfield code="c">-1869.</subfield></datafield><datafield ind1=" " ind2=" " tag="300"><subfield code="a">v.</subfield></datafield><datafield ind1=" " ind2=" " tag="310"><subfield code="a">Weekly</subfield></datafield><datafield ind1="1" ind2=" " tag="362"><subfield code="a">Began in 1869.</subfield></datafield><datafield ind1="0" ind2=" " tag="362"><subfield code="a">-v. 4, no. 6 (Sept. 10, 1869).</subfield></datafield><datafield ind1=" " ind2=" " tag="588"><subfield code="a">Description based on: Vol. 4, no. 2 (Aug. 10 [i.e. 13], 1869).</subfield></datafield><datafield ind1=" " ind2="0" tag="651"><subfield code="a">Salem (Or.)</subfield><subfield code="v">Newspapers.</subfield></datafield><datafield ind1=" " ind2="7" tag="655"><subfield code="a">Newspapers.</subfield><subfield code="2">fast</subfield><subfield code="0">(OCoLC)fst01423814</subfield></datafield><datafield ind1=" " ind2="7" tag="651"><subfield code="a">Oregon</subfield><subfield code="z">Salem.</subfield><subfield code="2">fast</subfield><subfield code="0">(OCoLC)fst01202924</subfield></datafield><datafield ind1=" " ind2=" " tag="752"><subfield code="a">United States</subfield><subfield code="b">Oregon</subfield><subfield code="c">Marion</subfield><subfield code="d">Salem.</subfield></datafield><datafield ind1="0" ind2=" " tag="775"><subfield code="t">Daily Oregon unionist</subfield><subfield code="w">(DLC)sn 94052332</subfield><subfield code="w">(OCoLC)30655755</subfield></datafield><datafield ind1="0" ind2="0" tag="780"><subfield code="t">American unionist (Salem, Or.)</subfield><subfield code="w">(DLC)sn 85042466</subfield><subfield code="w">(OCoLC)12497866</subfield></datafield><datafield ind1="0" ind2="0" tag="785"><subfield code="t">Oregon weekly statesman (Salem, Or. : 1869)</subfield><subfield code="w">(DLC)sn 85042467</subfield><subfield code="w">(OCoLC)12497997</subfield></datafield></record>